@ARTICLE {tonylee2012,
    author  = "Tony Lee",
    title   = "Manually Exploiting Tomcat Manager",
    journal = "Open Security Research",
    year    = "2012",
    note    = "http://blog.opensecurityresearch.com/2012/09/manually-exploiting-tomcat-manager.html"
}

@ARTICLE {jrivard2009,
    author  = "jrivard",
    title   = "Wordlist for PWM",
    journal = "Google Code",
    year    = "2009",
    note    = "https://code.google.com/p/pwm/downloads/detail?name=wordlist.zip\&can=2\&q="
}

@ARTICLE {shredder122010,
    author  = "shredder12",
    title   = "How to crack zip file passwords on linux using fcrackzip",
    journal = "linuxers",
    year    = "2010",
    note    = "http://linuxers.org/article/how-crack-zip-file-passwords-linux-using-fcrackzip"
}

@ARTICLE {jayr.ashworth1997,
    author  = "Jay R. Ashworth",
    title   = "The Naming of Hosts",
    journal = "Network Working Group",
    year    = "1997",
    note    = "https://www.ietf.org/rfc/rfc2100.txt"
}

@ARTICLE {dff2012,
    author  = "None",
    title   = "Digital Forensics Framework GUI",
    journal = "Digital Forensics Framework Wiki",
    year    = "2012",
    note    = "http://wiki.digital-forensic.org/index.php/GUI"
}